<?xml version="1.0" encoding="UTF-8"?><record xmlns="http://www.loc.gov/MARC21/slim" xmlns:cinclude="http://apache.org/cocoon/include/1.0" xmlns:zs="http://www.loc.gov/zing/srw/">
  <leader>01591cz  a2200253n  4500</leader>
  <controlfield tag="001">n 2010042957</controlfield>
  <controlfield tag="003">DLC</controlfield>
  <controlfield tag="005">20151203073934.0</controlfield>
  <controlfield tag="008">100702n| azannaabn           a aaa      </controlfield>
  <datafield tag="010" ind1=" " ind2=" ">
    <subfield code="a">n 2010042957</subfield>
  </datafield>
  <datafield tag="035" ind1=" " ind2=" ">
    <subfield code="a">(OCoLC)oca08547922</subfield>
  </datafield>
  <datafield tag="040" ind1=" " ind2=" ">
    <subfield code="a">DLC</subfield>
    <subfield code="b">eng</subfield>
    <subfield code="e">rda</subfield>
    <subfield code="c">DLC</subfield>
    <subfield code="d">UUML</subfield>
  </datafield>
  <datafield tag="046" ind1=" " ind2=" ">
    <subfield code="f">19170804</subfield>
    <subfield code="g">20110525</subfield>
  </datafield>
  <datafield tag="100" ind1="1" ind2=" ">
    <subfield code="a">Bradley, Nina Leopold,</subfield>
    <subfield code="d">1917-2011</subfield>
  </datafield>
  <datafield tag="370" ind1=" " ind2=" ">
    <subfield code="a">Albuquerque (N.M.)</subfield>
    <subfield code="b">Baraboo (Wis.)</subfield>
    <subfield code="f">Madison (Wis.)</subfield>
    <subfield code="f">Monona (Wis.)</subfield>
    <subfield code="2">naf</subfield>
  </datafield>
  <datafield tag="372" ind1=" " ind2=" ">
    <subfield code="a">Conservation</subfield>
    <subfield code="2">lcsh</subfield>
  </datafield>
  <datafield tag="373" ind1=" " ind2=" ">
    <subfield code="a">University of Wisconsin--Madison</subfield>
    <subfield code="a">Aldo Leopold Foundation</subfield>
    <subfield code="2">naf</subfield>
  </datafield>
  <datafield tag="374" ind1=" " ind2=" ">
    <subfield code="a">Naturalists</subfield>
    <subfield code="a">Conservationists</subfield>
    <subfield code="2">lcsh</subfield>
  </datafield>
  <datafield tag="375" ind1=" " ind2=" ">
    <subfield code="a">female</subfield>
  </datafield>
  <datafield tag="377" ind1=" " ind2=" ">
    <subfield code="a">eng</subfield>
  </datafield>
  <datafield tag="400" ind1="1" ind2=" ">
    <subfield code="a">Leopold, Maria Adelina,</subfield>
    <subfield code="d">1917-2011</subfield>
  </datafield>
  <datafield tag="670" ind1=" " ind2=" ">
    <subfield code="a">Hunt, Nancy Nye. Aldo Leopold's shack, 2011:</subfield>
    <subfield code="b">ECIP galley (Nina Leopold Bradley; one of the founders of Aldo Leopold Nature Center, Monona, Wis.; born Maria Adelina Leopold, 1917, Albuquerque, N.M.; daughter of Aldo Leopold)</subfield>
  </datafield>
  <datafield tag="670" ind1=" " ind2=" ">
    <subfield code="a">Wikipedia, viewed Dec. 2, 2015</subfield>
    <subfield code="b">(Nina Leopold Bradley, American conservationist and researcher, born August 4, 1917; died May 25, 2011)</subfield>
    <subfield code="u">https://en.wikipedia.org/wiki/Nina_Leopold_Bradley</subfield>
  </datafield>
  <datafield tag="670" ind1=" " ind2=" ">
    <subfield code="a">Milwaukee Journal Sentinel, May 26, 2011, via WWW, viewed Dec. 2, 2015</subfield>
    <subfield code="b">(Nina Leopold Bradley, naturalist and researcher, died Wednesday [i.e., May 25] at her home on the Aldo Leopold Reserve near Baraboo in Sauk County; earned a degree in geography from the University of Wisconsin-Madison; , founded the Aldo Leopold Foundation with her siblings in honor of their father, Aldo Leopold)</subfield>
    <subfield code="u">http://www.jsonline.com/news/obituaries/122658879.html</subfield>
  </datafield>
</record>